<?xml version="1.0" encoding="UTF-8"?><record xmlns="http://www.loc.gov/MARC21/slim" xmlns:cinclude="http://apache.org/cocoon/include/1.0" xmlns:zs="http://www.loc.gov/zing/srw/">
  <leader>00661nz  a2200133n  4500</leader>
  <controlfield tag="001">no2010049623</controlfield>
  <controlfield tag="003">DLC</controlfield>
  <controlfield tag="005">20100326075427.0</controlfield>
  <controlfield tag="008">100324n| acannaabn          |n ana     c</controlfield>
  <datafield tag="010" ind1=" " ind2=" ">
    <subfield code="a">no2010049623</subfield>
  </datafield>
  <datafield tag="035" ind1=" " ind2=" ">
    <subfield code="a">(OCoLC)oca08438230</subfield>
  </datafield>
  <datafield tag="040" ind1=" " ind2=" ">
    <subfield code="a">NN</subfield>
    <subfield code="b">eng</subfield>
    <subfield code="c">NN</subfield>
  </datafield>
  <datafield tag="110" ind1="2" ind2=" ">
    <subfield code="a">Ubermorgen.com</subfield>
  </datafield>
  <datafield tag="670" ind1=" " ind2=" ">
    <subfield code="a">Bernhard, H. Ubermorgen.com, 2009:</subfield>
    <subfield code="b">t.p. (Ubermorgen.com) p. [10] (Ubermorgen.com is an artist duo created in Vienna, Austria by Lizvlx and Hans Bernhard in 1999; their open circuit of conceptual art, drawing, software art, pixel painting, computer installations, net.art, sculpture and gitial activism (media hacking) transforms their brand into a hybrid Gesamtkunstwerk)</subfield>
  </datafield>
</record>